@article{Isi2019,
  author        = {{Isi}, Maximiliano and {Chatziioannou}, Katerina and {Farr}, Will M.},
  title         = {{Hierarchical Test of General Relativity with Gravitational Waves}},
  journal       = {\prl},
  keywords      = {General Relativity and Quantum Cosmology, Astrophysics - High Energy Astrophysical Phenomena, Physics - Data Analysis, Statistics and Probability},
  year          = 2019,
  month         = sep,
  volume        = {123},
  number        = {12},
  eid           = {121101},
  pages         = {121101},
  doi           = {10.1103/PhysRevLett.123.121101},
  archiveprefix = {arXiv},
  eprint        = {1904.08011},
  primaryclass  = {gr-qc},
  adsurl        = {https://ui.adsabs.harvard.edu/abs/2019PhRvL.123l1101I},
  adsnote       = {Provided by the SAO/NASA Astrophysics Data System}
}

@article{Isi2022,
  author        = {{Isi}, Maximiliano and {Farr}, Will M. and {Chatziioannou}, Katerina},
  title         = {{Comparing Bayes factors and hierarchical inference for testing general relativity with gravitational waves}},
  journal       = {arXiv e-prints},
  keywords      = {General Relativity and Quantum Cosmology, Astrophysics - High Energy Astrophysical Phenomena},
  year          = 2022,
  month         = apr,
  eid           = {arXiv:2204.10742},
  pages         = {arXiv:2204.10742},
  archiveprefix = {arXiv},
  eprint        = {2204.10742},
  primaryclass  = {gr-qc},
  adsurl        = {https://ui.adsabs.harvard.edu/abs/2022arXiv220410742I},
  adsnote       = {Provided by the SAO/NASA Astrophysics Data System}
}

@article{Luger2021,
  author        = { {Luger}, Rodrigo and {Bedell}, Megan and {Foreman-Mackey}, Daniel and {Crossfield}, Ian J.~M. and {Zhao}, Lily L. and {Hogg}, David W.},
  title         = {{Mapping stellar surfaces III: An Efficient, Scalable, and Open-Source Doppler Imaging Model}},
  journal       = {arXiv e-prints},
  keywords      = {Astrophysics - Solar and Stellar Astrophysics, Astrophysics - Earth and Planetary Astrophysics, Astrophysics - Instrumentation and Methods for Astrophysics},
  year          = 2021,
  month         = oct,
  eid           = {arXiv:2110.06271},
  pages         = {arXiv:2110.06271},
  archiveprefix = {arXiv},
  eprint        = {2110.06271},
  primaryclass  = {astro-ph.SR},
  adsurl        = {https://ui.adsabs.harvard.edu/abs/2021arXiv211006271L},
  adsnote       = {Provided by the SAO/NASA Astrophysics Data System}
}